%YAML 1.1
%TAG !u! tag:unity3d.com,2011:
--- !u!241 &24100000
AudioMixerController:
  m_ObjectHideFlags: 0
  m_PrefabParentObject: {fileID: 0}
  m_PrefabInternal: {fileID: 0}
  m_Name: Mixer
  m_OutputGroup: {fileID: 0}
  m_MasterGroup: {fileID: 24300002}
  m_Snapshots:
  - {fileID: 24500006}
  - {fileID: 245991208813060324}
  m_StartSnapshot: {fileID: 245991208813060324}
  m_SuspendThreshold: -80
  m_EnableSuspend: 1
  m_UpdateMode: 0
  m_ExposedParameters:
  - guid: b9da1a099cc65eb4688d2b4b4d2df15a
    name: birdVol
  - guid: a49a5d13fa4930842a3d377a4459d2c5
    name: catVol
  - guid: 9468627e4bfec1d419b35cba352fcc00
    name: crocVol
  - guid: fb81226a899545b4aad83541d1c01b3d
    name: dogVol
  - guid: b77225b5fa328e441bf4c63302286604
    name: percussion1
  - guid: 6cc6ae1410741594f8273f6a8eb5c231
    name: percussion2
  - guid: 3803dc2b96824094099ce831f6045149
    name: percussion3
  - guid: 9fa7fb92232cb5d499babc90553c8ff0
    name: birdVictory
  - guid: c48ba34ff95fb0447869966af169d10c
    name: catVictory
  - guid: 4c3e90849f1bc2e4f89f4c581f67a9ae
    name: crocVictory
  - guid: 38bfccf00ae78ea429596e24c95a9183
    name: dogVictory
  m_AudioMixerGroupViews:
  - guids:
    - 62747d4a5cd18fd459c461c519a97bd5
    - 70a4acbf77ac78441a41be13814579e6
    - 6a4f8ffaba12c49469625e8e76b44c52
    - cdf141b29e14ff9429d53aec6d7e00d7
    - 4051d82e3e6e65f43bd164fc10c0b8ba
    - a160b3cb5b5b07240a6d04c33b68dde1
    - 67014bfa91b294347bc2945a3bfab870
    - 0dc9e4a2d9aaee440b26782d7af9386e
    - f96fa6e01ddf263429b961666a063f7c
    - ad9ece8030e03874a87cc830fdaa222e
    - 80b14c3cfe19d984d813699cc14917e5
    - b8db0119b986b524296e4a564f255cd4
    - 43c3dff1d752d054faa953370737f27b
    name: View
  m_CurrentViewIndex: 0
  m_TargetSnapshot: {fileID: 245991208813060324}
--- !u!243 &24300002
AudioMixerGroupController:
  m_ObjectHideFlags: 0
  m_PrefabParentObject: {fileID: 0}
  m_PrefabInternal: {fileID: 0}
  m_Name: Master
  m_AudioMixer: {fileID: 24100000}
  m_GroupID: 62747d4a5cd18fd459c461c519a97bd5
  m_Children:
  - {fileID: 243751860461858472}
  - {fileID: 243371830958691602}
  - {fileID: 243681682733088462}
  - {fileID: 243900934525141424}
  - {fileID: 243980548017632866}
  - {fileID: 243984856961824750}
  - {fileID: 243882455612529242}
  - {fileID: 243881715721571422}
  - {fileID: 243926094713001720}
  - {fileID: 243365093519870190}
  - {fileID: 243720395894961224}
  - {fileID: 243132567486112534}
  m_Volume: 49907cfd4fb707d40980c514bd22e51e
  m_Pitch: b0e4bc48ef11dc043a8ad82bb72c22b1
  m_Effects:
  - {fileID: 24400004}
  m_UserColorIndex: 0
  m_Mute: 0
  m_Solo: 0
  m_BypassEffects: 0
--- !u!244 &24400004
AudioMixerEffectController:
  m_ObjectHideFlags: 3
  m_PrefabParentObject: {fileID: 0}
  m_PrefabInternal: {fileID: 0}
  m_Name: 
  m_EffectID: 5dd3c5c29ea737f49951a690a80a4f99
  m_EffectName: Attenuation
  m_MixLevel: 8dce535b3bdf7c843be11132379d80d6
  m_Parameters: []
  m_SendTarget: {fileID: 0}
  m_EnableWetMix: 0
  m_Bypass: 0
--- !u!245 &24500006
AudioMixerSnapshotController:
  m_ObjectHideFlags: 0
  m_PrefabParentObject: {fileID: 0}
  m_PrefabInternal: {fileID: 0}
  m_Name: Snapshot
  m_AudioMixer: {fileID: 24100000}
  m_SnapshotID: 5007983083cb4804da342effddc5c9f1
  m_FloatValues:
    6cc6ae1410741594f8273f6a8eb5c231: -80
    b77225b5fa328e441bf4c63302286604: -80
    b9da1a099cc65eb4688d2b4b4d2df15a: -0.08374829
    3803dc2b96824094099ce831f6045149: -80
    9468627e4bfec1d419b35cba352fcc00: 0
  m_TransitionOverrides: {}
--- !u!243 &243132567486112534
AudioMixerGroupController:
  m_ObjectHideFlags: 0
  m_PrefabParentObject: {fileID: 0}
  m_PrefabInternal: {fileID: 0}
  m_Name: Victory
  m_AudioMixer: {fileID: 24100000}
  m_GroupID: 43c3dff1d752d054faa953370737f27b
  m_Children: []
  m_Volume: 95741590a3c4c5942a834581d11d3c6f
  m_Pitch: 7be10c05aa40ba041b7892985dbe498a
  m_Effects:
  - {fileID: 244492458159772714}
  m_UserColorIndex: 0
  m_Mute: 0
  m_Solo: 0
  m_BypassEffects: 0
--- !u!243 &243365093519870190
AudioMixerGroupController:
  m_ObjectHideFlags: 0
  m_PrefabParentObject: {fileID: 0}
  m_PrefabInternal: {fileID: 0}
  m_Name: Victory - Dog
  m_AudioMixer: {fileID: 24100000}
  m_GroupID: 80b14c3cfe19d984d813699cc14917e5
  m_Children: []
  m_Volume: 38bfccf00ae78ea429596e24c95a9183
  m_Pitch: f63d0a809e920d043b9de62cb3f35062
  m_Effects:
  - {fileID: 244723006157443100}
  m_UserColorIndex: 0
  m_Mute: 0
  m_Solo: 0
  m_BypassEffects: 0
--- !u!243 &243371830958691602
AudioMixerGroupController:
  m_ObjectHideFlags: 0
  m_PrefabParentObject: {fileID: 0}
  m_PrefabInternal: {fileID: 0}
  m_Name: Cat
  m_AudioMixer: {fileID: 24100000}
  m_GroupID: 6a4f8ffaba12c49469625e8e76b44c52
  m_Children: []
  m_Volume: a49a5d13fa4930842a3d377a4459d2c5
  m_Pitch: 6d44bb46f20a16e46827c779a39d7d34
  m_Effects:
  - {fileID: 244255868353213242}
  m_UserColorIndex: 4
  m_Mute: 0
  m_Solo: 0
  m_BypassEffects: 0
--- !u!243 &243681682733088462
AudioMixerGroupController:
  m_ObjectHideFlags: 0
  m_PrefabParentObject: {fileID: 0}
  m_PrefabInternal: {fileID: 0}
  m_Name: Dog
  m_AudioMixer: {fileID: 24100000}
  m_GroupID: cdf141b29e14ff9429d53aec6d7e00d7
  m_Children: []
  m_Volume: fb81226a899545b4aad83541d1c01b3d
  m_Pitch: fd85668d32311bd48990d22103227616
  m_Effects:
  - {fileID: 244861733621087502}
  m_UserColorIndex: 4
  m_Mute: 0
  m_Solo: 0
  m_BypassEffects: 0
--- !u!243 &243720395894961224
AudioMixerGroupController:
  m_ObjectHideFlags: 0
  m_PrefabParentObject: {fileID: 0}
  m_PrefabInternal: {fileID: 0}
  m_Name: Victory - Bird
  m_AudioMixer: {fileID: 24100000}
  m_GroupID: b8db0119b986b524296e4a564f255cd4
  m_Children: []
  m_Volume: 9fa7fb92232cb5d499babc90553c8ff0
  m_Pitch: 90aece1a80d702f48bd7bb40637b0d89
  m_Effects:
  - {fileID: 244029395203031112}
  m_UserColorIndex: 0
  m_Mute: 0
  m_Solo: 0
  m_BypassEffects: 0
--- !u!243 &243751860461858472
AudioMixerGroupController:
  m_ObjectHideFlags: 0
  m_PrefabParentObject: {fileID: 0}
  m_PrefabInternal: {fileID: 0}
  m_Name: Croc
  m_AudioMixer: {fileID: 24100000}
  m_GroupID: 70a4acbf77ac78441a41be13814579e6
  m_Children: []
  m_Volume: 9468627e4bfec1d419b35cba352fcc00
  m_Pitch: 188ef0d62e1643048a0ba385e3d3a6c3
  m_Effects:
  - {fileID: 244124487838543880}
  m_UserColorIndex: 4
  m_Mute: 0
  m_Solo: 0
  m_BypassEffects: 0
--- !u!243 &243881715721571422
AudioMixerGroupController:
  m_ObjectHideFlags: 0
  m_PrefabParentObject: {fileID: 0}
  m_PrefabInternal: {fileID: 0}
  m_Name: Victory - Croc
  m_AudioMixer: {fileID: 24100000}
  m_GroupID: f96fa6e01ddf263429b961666a063f7c
  m_Children: []
  m_Volume: 4c3e90849f1bc2e4f89f4c581f67a9ae
  m_Pitch: 5c28fe3dc17b90d4584cbdcef6193517
  m_Effects:
  - {fileID: 244383876996577904}
  m_UserColorIndex: 0
  m_Mute: 0
  m_Solo: 0
  m_BypassEffects: 0
--- !u!243 &243882455612529242
AudioMixerGroupController:
  m_ObjectHideFlags: 0
  m_PrefabParentObject: {fileID: 0}
  m_PrefabInternal: {fileID: 0}
  m_Name: Percussion 3
  m_AudioMixer: {fileID: 24100000}
  m_GroupID: 0dc9e4a2d9aaee440b26782d7af9386e
  m_Children: []
  m_Volume: 3803dc2b96824094099ce831f6045149
  m_Pitch: f9402762682d2544fab3016e6b91f515
  m_Effects:
  - {fileID: 244697789834002850}
  m_UserColorIndex: 3
  m_Mute: 0
  m_Solo: 0
  m_BypassEffects: 0
--- !u!243 &243900934525141424
AudioMixerGroupController:
  m_ObjectHideFlags: 0
  m_PrefabParentObject: {fileID: 0}
  m_PrefabInternal: {fileID: 0}
  m_Name: Bird
  m_AudioMixer: {fileID: 24100000}
  m_GroupID: 4051d82e3e6e65f43bd164fc10c0b8ba
  m_Children: []
  m_Volume: b9da1a099cc65eb4688d2b4b4d2df15a
  m_Pitch: 74695e055218b934f9ccd3327a1ff1ef
  m_Effects:
  - {fileID: 244585577119419576}
  m_UserColorIndex: 4
  m_Mute: 0
  m_Solo: 0
  m_BypassEffects: 0
--- !u!243 &243926094713001720
AudioMixerGroupController:
  m_ObjectHideFlags: 0
  m_PrefabParentObject: {fileID: 0}
  m_PrefabInternal: {fileID: 0}
  m_Name: Victory - Cat
  m_AudioMixer: {fileID: 24100000}
  m_GroupID: ad9ece8030e03874a87cc830fdaa222e
  m_Children: []
  m_Volume: c48ba34ff95fb0447869966af169d10c
  m_Pitch: 7e563d851a0d6d649a46eae7ad87fc32
  m_Effects:
  - {fileID: 244779351309712004}
  m_UserColorIndex: 0
  m_Mute: 0
  m_Solo: 0
  m_BypassEffects: 0
--- !u!243 &243980548017632866
AudioMixerGroupController:
  m_ObjectHideFlags: 0
  m_PrefabParentObject: {fileID: 0}
  m_PrefabInternal: {fileID: 0}
  m_Name: Percussion 1
  m_AudioMixer: {fileID: 24100000}
  m_GroupID: a160b3cb5b5b07240a6d04c33b68dde1
  m_Children: []
  m_Volume: b77225b5fa328e441bf4c63302286604
  m_Pitch: 48db6601738969440aa34ae6f82a56ff
  m_Effects:
  - {fileID: 244005758130693516}
  m_UserColorIndex: 1
  m_Mute: 0
  m_Solo: 0
  m_BypassEffects: 0
--- !u!243 &243984856961824750
AudioMixerGroupController:
  m_ObjectHideFlags: 0
  m_PrefabParentObject: {fileID: 0}
  m_PrefabInternal: {fileID: 0}
  m_Name: Percussion 2
  m_AudioMixer: {fileID: 24100000}
  m_GroupID: 67014bfa91b294347bc2945a3bfab870
  m_Children: []
  m_Volume: 6cc6ae1410741594f8273f6a8eb5c231
  m_Pitch: 733cc930d1001b1408dbe782a8db12db
  m_Effects:
  - {fileID: 244304318836822744}
  m_UserColorIndex: 3
  m_Mute: 0
  m_Solo: 0
  m_BypassEffects: 0
--- !u!244 &244005758130693516
AudioMixerEffectController:
  m_ObjectHideFlags: 3
  m_PrefabParentObject: {fileID: 0}
  m_PrefabInternal: {fileID: 0}
  m_Name: 
  m_EffectID: e8e1146f0bef773468271147be77e390
  m_EffectName: Attenuation
  m_MixLevel: abc9ce368c3721748b9db80ba3447589
  m_Parameters: []
  m_SendTarget: {fileID: 0}
  m_EnableWetMix: 0
  m_Bypass: 0
--- !u!244 &244029395203031112
AudioMixerEffectController:
  m_ObjectHideFlags: 3
  m_PrefabParentObject: {fileID: 0}
  m_PrefabInternal: {fileID: 0}
  m_Name: 
  m_EffectID: 120c805ff60b5d648b5b988e649686c2
  m_EffectName: Attenuation
  m_MixLevel: af7252bc2ab37164dbf94a00606e160b
  m_Parameters: []
  m_SendTarget: {fileID: 0}
  m_EnableWetMix: 0
  m_Bypass: 0
--- !u!244 &244124487838543880
AudioMixerEffectController:
  m_ObjectHideFlags: 3
  m_PrefabParentObject: {fileID: 0}
  m_PrefabInternal: {fileID: 0}
  m_Name: 
  m_EffectID: 0dfb4b2a2943371498910580248a7ecc
  m_EffectName: Attenuation
  m_MixLevel: 09f92a3bad0a759419f53f2a0b0a4463
  m_Parameters: []
  m_SendTarget: {fileID: 0}
  m_EnableWetMix: 0
  m_Bypass: 0
--- !u!244 &244255868353213242
AudioMixerEffectController:
  m_ObjectHideFlags: 3
  m_PrefabParentObject: {fileID: 0}
  m_PrefabInternal: {fileID: 0}
  m_Name: 
  m_EffectID: 3019358dd73c1d14a85f0ecb3673a065
  m_EffectName: Attenuation
  m_MixLevel: e7c34d904ea53334293e2b841112b757
  m_Parameters: []
  m_SendTarget: {fileID: 0}
  m_EnableWetMix: 0
  m_Bypass: 0
--- !u!244 &244304318836822744
AudioMixerEffectController:
  m_ObjectHideFlags: 3
  m_PrefabParentObject: {fileID: 0}
  m_PrefabInternal: {fileID: 0}
  m_Name: 
  m_EffectID: 4d3cc8d807f67f24492d8391e4e3652d
  m_EffectName: Attenuation
  m_MixLevel: 4018b022200287c438701187bb29dd02
  m_Parameters: []
  m_SendTarget: {fileID: 0}
  m_EnableWetMix: 0
  m_Bypass: 0
--- !u!244 &244383876996577904
AudioMixerEffectController:
  m_ObjectHideFlags: 3
  m_PrefabParentObject: {fileID: 0}
  m_PrefabInternal: {fileID: 0}
  m_Name: 
  m_EffectID: a34c66b7c1224064c95674b6cffd1045
  m_EffectName: Attenuation
  m_MixLevel: 7dea7ab55674a5240a67ec615ca3df6f
  m_Parameters: []
  m_SendTarget: {fileID: 0}
  m_EnableWetMix: 0
  m_Bypass: 0
--- !u!244 &244492458159772714
AudioMixerEffectController:
  m_ObjectHideFlags: 3
  m_PrefabParentObject: {fileID: 0}
  m_PrefabInternal: {fileID: 0}
  m_Name: 
  m_EffectID: cebc561ec9afe1441b35cd2c44111314
  m_EffectName: Attenuation
  m_MixLevel: 386274e8aa9a44345b1e593675414c78
  m_Parameters: []
  m_SendTarget: {fileID: 0}
  m_EnableWetMix: 0
  m_Bypass: 0
--- !u!244 &244585577119419576
AudioMixerEffectController:
  m_ObjectHideFlags: 3
  m_PrefabParentObject: {fileID: 0}
  m_PrefabInternal: {fileID: 0}
  m_Name: 
  m_EffectID: b2ca6c8ab276fc441a2a63180a9fcf02
  m_EffectName: Attenuation
  m_MixLevel: 1b25f71bdf7538444b6b74465d818732
  m_Parameters: []
  m_SendTarget: {fileID: 0}
  m_EnableWetMix: 0
  m_Bypass: 0
--- !u!244 &244697789834002850
AudioMixerEffectController:
  m_ObjectHideFlags: 3
  m_PrefabParentObject: {fileID: 0}
  m_PrefabInternal: {fileID: 0}
  m_Name: 
  m_EffectID: a19923cb809a88f47b6eb91db0d93643
  m_EffectName: Attenuation
  m_MixLevel: f52974c9b9416bd4889a7a96e898e9b9
  m_Parameters: []
  m_SendTarget: {fileID: 0}
  m_EnableWetMix: 0
  m_Bypass: 0
--- !u!244 &244723006157443100
AudioMixerEffectController:
  m_ObjectHideFlags: 3
  m_PrefabParentObject: {fileID: 0}
  m_PrefabInternal: {fileID: 0}
  m_Name: 
  m_EffectID: 832cd324607247f45805e9c28833f09a
  m_EffectName: Attenuation
  m_MixLevel: 8cd1f25127cbf5b449c351d7846e7e5f
  m_Parameters: []
  m_SendTarget: {fileID: 0}
  m_EnableWetMix: 0
  m_Bypass: 0
--- !u!244 &244779351309712004
AudioMixerEffectController:
  m_ObjectHideFlags: 3
  m_PrefabParentObject: {fileID: 0}
  m_PrefabInternal: {fileID: 0}
  m_Name: 
  m_EffectID: a8d0af6ef4c247446aa8f513d6deb844
  m_EffectName: Attenuation
  m_MixLevel: 6fdc0ba03ca52db4c86d80f86eeb81de
  m_Parameters: []
  m_SendTarget: {fileID: 0}
  m_EnableWetMix: 0
  m_Bypass: 0
--- !u!244 &244861733621087502
AudioMixerEffectController:
  m_ObjectHideFlags: 3
  m_PrefabParentObject: {fileID: 0}
  m_PrefabInternal: {fileID: 0}
  m_Name: 
  m_EffectID: 094faa68a4ee991418ba312b1a8f1756
  m_EffectName: Attenuation
  m_MixLevel: 430106b1fe65eaf4e9b2f2db2490e997
  m_Parameters: []
  m_SendTarget: {fileID: 0}
  m_EnableWetMix: 0
  m_Bypass: 0
--- !u!245 &245991208813060324
AudioMixerSnapshotController:
  m_ObjectHideFlags: 0
  m_PrefabParentObject: {fileID: 0}
  m_PrefabInternal: {fileID: 0}
  m_Name: Start
  m_AudioMixer: {fileID: 24100000}
  m_SnapshotID: bfe74ca2ef0966144bcda635f6e9e91a
  m_FloatValues:
    38bfccf00ae78ea429596e24c95a9183: -0.037667945
    c0fa14918faf9ea459932d95dff2d048: 0.041712962
    9fa7fb92232cb5d499babc90553c8ff0: -0.037667945
    a49a5d13fa4930842a3d377a4459d2c5: -2.8722944
    6cc6ae1410741594f8273f6a8eb5c231: -80
    4c3e90849f1bc2e4f89f4c581f67a9ae: -0.002441872
    b77225b5fa328e441bf4c63302286604: -2.9490063
    b9da1a099cc65eb4688d2b4b4d2df15a: -2.5738313
    fb81226a899545b4aad83541d1c01b3d: -2.5738313
    3803dc2b96824094099ce831f6045149: -80
    49907cfd4fb707d40980c514bd22e51e: -9.833291
    9468627e4bfec1d419b35cba352fcc00: -2.8722944
    c48ba34ff95fb0447869966af169d10c: -0.002441872
  m_TransitionOverrides: {}
